@online{itf,
    author    = "{ITF ltd}",
    title     = "2016 Rules of Tennis (English)",
    url       = {http://www.itftennis.com/officiating/rulebooks/rules-of-tennis.aspx},
    date = {2016},
    urldate = {2016-12-01}
}
